<?xml version="1.0" encoding="UTF-8"?><collection><record><leader>07375ntm a2200601 a 4500</leader><controlfield tag="001">006781935</controlfield><controlfield tag="003">MiAaHDL</controlfield><controlfield tag="005">20190719000000.0</controlfield><controlfield tag="006">m        d        </controlfield><controlfield tag="007">cr bn ---auaua</controlfield><controlfield tag="008">090518s1511    xx            00| ||ara d</controlfield><datafield tag="035" ind1=" " ind2=" "><subfield code="a">(MiU)006781935</subfield></datafield><datafield tag="035" ind1=" " ind2=" "><subfield code="a">sdr-miu006781935</subfield></datafield><datafield tag="040" ind1=" " ind2=" "><subfield code="a">MiU</subfield><subfield code="c">MiU</subfield><subfield code="e">amremm</subfield></datafield><datafield tag="043" ind1=" " ind2=" "><subfield code="a">n-us-mi</subfield></datafield><datafield tag="100" ind1="1" ind2=" "><subfield code="6">880-01</subfield><subfield code="a">Qayṣarī, Dāwūd ibn Maḥmūd,</subfield><subfield code="d">-1350 or 1351.</subfield></datafield><datafield tag="245" ind1="1" ind2="0"><subfield code="6">880-03</subfield><subfield code="a">Sharḥ Fuṣūṣ al-ḥikam,</subfield><subfield code="f">[917, i.e. 1511].</subfield></datafield><datafield tag="246" ind1="3" ind2=" "><subfield code="6">880-04</subfield><subfield code="a">مطلع خصوص الكلم في معاني فصوص الحكم</subfield></datafield><datafield tag="246" ind1="3" ind2=" "><subfield code="i">Edge title (tail):</subfield><subfield code="a">شرح الفصوص</subfield></datafield><datafield tag="260" ind1=" " ind2=" "><subfield code="c">[1511].</subfield></datafield><datafield tag="300" ind1=" " ind2=" "><subfield code="a">214 leaves :</subfield><subfield code="b">paper ;</subfield><subfield code="c">262 x 187 (210 x 125) mm.</subfield></datafield><datafield tag="500" ind1=" " ind2=" "><subfield code="a">Shelfmark: Ann Arbor, University of Michigan, Special Collections Library, Isl. Ms. 513</subfield></datafield><datafield tag="500" ind1=" " ind2=" "><subfield code="a">Origin: As appears in colophon on p.427, transcription completed 5 Muḥarram 917 [ca. 4 April 1511].</subfield></datafield><datafield tag="500" ind1=" " ind2=" "><subfield code="a">Accompanying materials: a. Acquisitions slip from Yahuda -- b. Inventory cataloguing slip in hand of Winifred Smeaton Thomas.</subfield></datafield><datafield tag="500" ind1=" " ind2=" "><subfield code="a">Former shelfmark: From inner front cover and spine label, "IL 211" (likely supplied by Yahuda, see acquisitions slip).</subfield></datafield><datafield tag="500" ind1=" " ind2=" "><subfield code="a">Binding: Pasteboards covered in dull yellow laid paper with tan leather over spine, fore edge flap, and edges/turn-ins (framed binding) ; Type II binding (with flap) ; board linings in untinted laid paper ; upper and lower covers carry blind-tooled design evoking central mandorla, pendants and cornerpieces built up of a repeated star or floral-shaped stamp ; sewn in cream thread, two stations ; worked chevron endbands in dark blue and cream, in protected by extended spine leather, in good condition ; overall in fair condition with some abrasion, staining, pest damage, lifting and losses of paper and leather, etc.</subfield></datafield><datafield tag="500" ind1=" " ind2=" "><subfield code="a">Support: non-European laid paper with 9-10 laid lines per cm. (horizontal) and chain lines grouped in threes with 11-12 mm. between chains and 42-45 mm. between groups (vertical, see p.20, etc.) ; sturdy and thick, medium cream in color, well-burnished to glossy ; some staining.</subfield></datafield><datafield tag="500" ind1=" " ind2=" "><subfield code="a">Decoration: Keywords, numerals and section headings rubricated ; textual dividers in the form of red discs ; overlining in red.</subfield></datafield><datafield tag="500" ind1=" " ind2=" "><subfield code="a">Script: Naskh ; clear, compact Turkish or 'Syrian' hand ; partially but irregularly seriffed with left-sloping head-serif on joined alif and right-sloping head-serif on free-standing alif, effect of tilt to the left, slight effect of words descending to baseline, quite rounded with curvilinear descenders, pointing in strokes rather than distinct dots, somewhat freely ligatured, kāf mashqūqah preferred, point of final nūn assimilated with bowl.</subfield></datafield><datafield tag="500" ind1=" " ind2=" "><subfield code="a">Layout: Written in 23 lines per page.</subfield></datafield><datafield tag="500" ind1=" " ind2=" "><subfield code="a">Collation: 6 V(60), IV (68), 14 V(208), IV-2 (214) ; chiefly quinions ; pages between introduction and rest of text left blank (pp.44045) ; catchwords present ; pagination in pencil, Western numerals, supplied during digitization.</subfield></datafield><datafield tag="500" ind1=" " ind2=" "><subfield code="a">Colophon: "Scribal," reads "فرغ من تحريره في يوم الاحد خامس شهر المحرم سنة سبع عشر وتسعمائة"</subfield></datafield><datafield tag="500" ind1=" " ind2=" "><subfield code="a">Explicit: "ويهدي المتوجهين اليه والطالبين وهو الموفق الى الرشاد ومنه المبداء واليه المعاد وهذا اخر ما اردنا بيانه والحمد لله على التوفيق والشكر لولي الحقائق والتحقيق"</subfield></datafield><datafield tag="500" ind1=" " ind2=" "><subfield code="a">Incipit: "الحمد لله الذي عين الاعيان بفيضه الاقدس الاقدم وقدرها بعلمه في غيب ذاته ... وبعد يقول العبد الضعيف دآود بن محمود بن محمد القصيري ... لما وفقني الله تع وكشف عليه اسراره ... وكان جماعة من الاخوان المشتغلين بتحصيل الكمال الطالبين لاسرار ذي الجمال والجلال شعروا في قرأة كتاب فصوص الحكم ... وكان الحق قد اطلعني على معانيه المتساطعة ..."</subfield></datafield><datafield tag="500" ind1=" " ind2=" "><subfield code="a">Title from inscription on 'title page' (p.1).</subfield></datafield><datafield tag="500" ind1=" " ind2=" "><subfield code="a">Ms. codex.</subfield></datafield><datafield tag="510" ind1="4" ind2=" "><subfield code="a">Ḥājjī Khalīfah. Kashf al-ẓunūn,</subfield><subfield code="c">iv 427</subfield></datafield><datafield tag="510" ind1="4" ind2=" "><subfield code="a">Ateş, A. "Ibnal-ʿArabī, Muḥyi'l-Dīn Abū ʿAbd Allāh Muḥammad b. ʿAlī b. Muḥammad b. al-ʿArabī al-Ḥātimī al-Ṭāʾī, known as al-Shaykh al-Akbar." In EI2,</subfield><subfield code="c">vol. III, p.707, col.2</subfield></datafield><datafield tag="510" ind1="4" ind2=" "><subfield code="a">Brockelmann, C. GAL,</subfield><subfield code="c">I 442 ; II 231</subfield></datafield><datafield tag="520" ind1="8" ind2=" "><subfield code="a">Fine copy of the commentary by Dāwūd ibn Maḥmūd ibn Muḥammad al-Qayṣarī upon Ibn ʻArabī's (d.1240) Fuṣūṣ al-ḥikam, a collection of aphorisms summarizing the teaching of 28 prophets from Adam to Muḥammad. Opens with introduction sometimes found on its own and treated as a separate work under the title Maṭlaʻ khuṣūṣ al-kilam fī maʻānī Fuṣūṣ al-ḥikam (see pp.2-43).</subfield></datafield><datafield tag="538" ind1=" " ind2=" "><subfield code="a">Mode of access: Internet.</subfield></datafield><datafield tag="541" ind1=" " ind2=" "><subfield code="a">Acquired in 1926 from the bookseller Isaac Benjamin S.E. Yahuda via purchase transacted on his behalf by Abraham Shalom Yahuda (1877-1951), his younger brother.</subfield></datafield><datafield tag="546" ind1=" " ind2=" "><subfield code="a">Arabic.</subfield></datafield><datafield tag="561" ind1=" " ind2=" "><subfield code="a">Several formal owners' marks on 'title page' (p.1) including waqf statement in name of Maisah [Meyise] bint Muḥammad [?] (ميسه بنت محمد ) reading "قد وقفت هذا الكتاب ميسه بنت محمد ... حاجي عبد الرحمن بن حاجي حنفي [؟] رحمهم الله بحيث لا يباع ولا يشرى ولا يرهن ولا يسترهن وجعلت التولية لمحمود بن احمد عفي عنهم فمن بدله بعد ما سمعه فانما اثمه على الذين يبدلونه" with following statement in name of successor Maḥmūd ibn Aḥmad ( محمود بن احمد ) reading "وقف لله ... محمود بن احمد" accompanied by large octagonal seal impression (seemingly dated 1022 [1613 or 14]) as well as statements in name of one Ḥājjī Ḥusayn ( Hacı Hüseyin / حاجى حسين ) and one Muṣṭafá ( مصطفى ) ; at close on p.427, birth and death notice for a child (Muṣṭafá ibn Muḥammad, with birth 19 Jumādá I 945 [ca. 13 October 1538] and death seven days later) and ownership statement in name of another Muṣṭafá ( مصطفى ) muftī [?] in the district of Jerusalem, dated 1067 [1656 or 7] reading "هذه النسخة انتقل [كذا] في نوبة مصطفى المفتي ... [؟] بقضاء قدس شريف شرفه الله تعالى في سنة سبع وستين والف من هجرة [كذا] النبوية عليه افضل التحية" ; occasional marginal corrections.</subfield></datafield><datafield tag="600" ind1="0" ind2="0"><subfield code="a">Ibn al-ʻArabī,</subfield><subfield code="d">1165-1240.</subfield><subfield code="t">Fuṣūṣ al-ḥikam.</subfield></datafield><datafield tag="650" ind1=" " ind2="0"><subfield code="a">Manuscripts, Arabic</subfield><subfield code="z">Michigan</subfield><subfield code="z">Ann Arbor.</subfield></datafield><datafield tag="650" ind1=" " ind2="0"><subfield code="a">Metaphysics</subfield><subfield code="v">Early works to 1800.</subfield></datafield><datafield tag="650" ind1=" " ind2="0"><subfield code="a">Sufism</subfield><subfield code="x">Doctrines</subfield><subfield code="v">Early works to 1800.</subfield></datafield><datafield tag="650" ind1=" " ind2="0"><subfield code="a">Islamic philosophy</subfield><subfield code="v">Early works to 1800.</subfield></datafield><datafield tag="773" ind1="0" ind2=" "><subfield code="a">Yahuda Collection.</subfield></datafield><datafield tag="880" ind1="3" ind2=" "><subfield code="6">246-04/</subfield><subfield code="a">Maṭlaʻ khuṣūṣ al-kilam fī maʻānī Fuṣūṣ al-ḥikam</subfield></datafield><datafield tag="880" ind1="1" ind2="0"><subfield code="6">245-03/</subfield><subfield code="a">شرح فصص الحكم,</subfield><subfield code="f">[917ه، 1511م].</subfield></datafield><datafield tag="880" ind1="1" ind2=" "><subfield code="6">100-01/</subfield><subfield code="a">قيصري، داوود بن محمود.</subfield></datafield><datafield tag="CID" ind1=" " ind2=" "><subfield code="a">006781935</subfield></datafield><datafield tag="DAT" ind1="0" ind2=" "><subfield code="a">20190719102635.0</subfield><subfield code="b">20190719000000.0</subfield></datafield><datafield tag="DAT" ind1="1" ind2=" "><subfield code="a">20190719090653.0</subfield><subfield code="b">2019-07-19T16:11:25Z</subfield></datafield><datafield tag="DAT" ind1="2" ind2=" "><subfield code="a">2015-10-02T18:00:03Z</subfield></datafield><datafield tag="CAT" ind1=" " ind2=" "><subfield code="a">SDR-MIU</subfield><subfield code="d">EX LIBRIS - ALEPH</subfield><subfield code="l">prepare.pl-004-008</subfield></datafield><datafield tag="FMT" ind1=" " ind2=" "><subfield code="a">BK</subfield></datafield><datafield tag="HOL" ind1=" " ind2=" "><subfield code="0">sdr-miu006781935</subfield><subfield code="a">MiU</subfield><subfield code="b">SDR</subfield><subfield code="c">MIU</subfield><subfield code="p">mdp.39015079125723</subfield><subfield code="s">MIU</subfield><subfield code="1">006781935</subfield></datafield><datafield tag="974" ind1=" " ind2=" "><subfield code="b">MIU</subfield><subfield code="c">MIU</subfield><subfield code="d">20190719</subfield><subfield code="s">lit-dlps-dc</subfield><subfield code="u">mdp.39015079125723</subfield><subfield code="y">1511</subfield><subfield code="r">pd</subfield><subfield code="q">bib</subfield><subfield code="t">non-US bib date1 &lt; 1896</subfield></datafield></record></collection>